<record xmlns="http://www.loc.gov/MARC21/slim" xmlns:xsi="http://www.w3.org/2001/XMLSchema-instance" xsi:schemaLocation="http://www.loc.gov/MARC21/slim http://www.loc.gov/standards/marcxml/schema/MARC21slim.xsd"><leader>01679cz   2200253n  4500</leader><controlfield tag="001">oca00935181 </controlfield><controlfield tag="005">19990217114523.6</controlfield><controlfield tag="008">830223n| acannaab|          |a aaa |||  </controlfield><datafield ind1=" " ind2=" " tag="010"><subfield code="a">n  83048122 </subfield><subfield code="z">n  83048123 </subfield></datafield><datafield ind1=" " ind2=" " tag="040"><subfield code="a">DLC</subfield><subfield code="c">DLC</subfield><subfield code="d">DLC</subfield></datafield><datafield ind1="0" ind2=" " tag="100"><subfield code="a">Philostratus,</subfield><subfield code="c">the Lemnian,</subfield><subfield code="d">3rd cent.</subfield></datafield><datafield ind1="0" ind2=" " tag="400"><subfield code="a">Philostratus,</subfield><subfield code="c">Lemnius,</subfield><subfield code="d">3rd cent.</subfield></datafield><datafield ind1="0" ind2=" " tag="400"><subfield code="a">Philostratos,</subfield><subfield code="d">3rd cent.</subfield></datafield><datafield ind1="0" ind2=" " tag="400"><subfield code="a">Philostratus,</subfield><subfield code="c">of Lemnos,</subfield><subfield code="d">3rd cent.</subfield></datafield><datafield ind1="0" ind2=" " tag="400"><subfield code="a">Philostratus,</subfield><subfield code="c">the Younger,</subfield><subfield code="d">3rd cent.</subfield></datafield><datafield ind1="0" ind2=" " tag="400"><subfield code="a">Philostratos,</subfield><subfield code="c">ho Neōteros,</subfield><subfield code="d">3rd cent.</subfield></datafield><datafield ind1="0" ind2=" " tag="400"><subfield code="a">Philostratus,</subfield><subfield code="c">Junior,</subfield><subfield code="d">3rd cent.</subfield></datafield><datafield ind1="0" ind2=" " tag="400"><subfield code="a">Filóstrato,</subfield><subfield code="c">el Joven,</subfield><subfield code="d">3rd cent.</subfield></datafield><datafield ind1=" " ind2=" " tag="667"><subfield code="a">Old catalog headings: Philostratus, of Lemnos, b. ca. 191; Philostratus, minor</subfield></datafield><datafield ind1=" " ind2=" " tag="670"><subfield code="a">Anderson, G. Philostratus, 1986:</subfield><subfield code="b">index (Philostratus the Lemnian) p. 3-4 (called the Lemnian by his older relative Philostratus the Athenian) p. 6 (the Younger Philostratus) p. 86 (Philostratus of Lemnos) p. 293 (conjecturally, the 2nd of 2 authors named Philostratus: the 1st (the Athenian) being author of the 1st series of Imagines, the 2nd (the Lemnian) being author of the 2nd series of Imagines)</subfield></datafield><datafield ind1=" " ind2=" " tag="670"><subfield code="a">LC database, 1-16-87</subfield><subfield code="b">(2 separate hdgs., based on the common supposition, not accepted by Anderson, that the 1st Imagines were written by the Lemnian and the 2nd by yet another Philostratus: Philostratus, of Lemnos, b. ca. 191; Philostratus, minor, 3rd cent.)</subfield></datafield><datafield ind1=" " ind2=" " tag="670"><subfield code="a">BLC</subfield><subfield code="b">(Philostratus, the Younger)</subfield></datafield><datafield ind1=" " ind2=" " tag="670"><subfield code="a">Philostratus, the Athenian. Philostratorum et Callistrati opera, 1849:</subfield><subfield code="b">p. 395 (Philostratou tou Neōterou ... Philostrati Junioris ... )</subfield></datafield><datafield ind1=" " ind2=" " tag="670"><subfield code="a">Imágenes, c1993:</subfield><subfield code="b">t.p. (Filóstrato el Joven)</subfield></datafield></record>